@inproceedings{van2017neural,
  title={Neural discrete representation learning},
  author={van den Oord, Aaron and Vinyals, Oriol and others},
  booktitle={Advances in Neural Information Processing Systems},
  pages={6306--6315},
  year={2017}
}

@article{doersch2016tutorial,
  title={Tutorial on variational autoencoders},
  author={Doersch, Carl},
  journal={arXiv preprint arXiv:1606.05908},
  year={2016}
}

@article{blei2017variational,
  title={Variational inference: A review for statisticians},
  author={Blei, David M and Kucukelbir, Alp and McAuliffe, Jon D},
  journal={Journal of the American Statistical Association},
  volume={112},
  number={518},
  pages={859--877},
  year={2017},
  publisher={Taylor \& Francis}
}